<record xmlns="http://www.loc.gov/MARC21/slim" xmlns:xsi="http://www.w3.org/2001/XMLSchema-instance" xsi:schemaLocation="http://www.loc.gov/MARC21/slim http://www.loc.gov/standards/marcxml/schema/MARC21slim.xsd"><leader>     nam a22        4500</leader><controlfield tag="001">3058936</controlfield><controlfield tag="003">NNC</controlfield><controlfield tag="006">m        d        </controlfield><controlfield tag="007">cr cn |||m|||a</controlfield><controlfield tag="008">150316s1934    ir      ob    000 0 arard</controlfield><datafield ind1=" " ind2=" " tag="040"><subfield code="a">NNU</subfield><subfield code="b">eng</subfield><subfield code="e">rda</subfield><subfield code="c">NNU</subfield></datafield><datafield ind1=" " ind2=" " tag="090"><subfield code="a">Z7835.M6</subfield><subfield code="b">I23</subfield></datafield><datafield ind1="1" ind2=" " tag="100"><subfield code="6">880-01</subfield><subfield code="a">Ibn Shahra&#772;shu&#772;b, Rashi&#772;d al-Di&#772;n Muh&#803;ammad ibn &#699;Ali&#772;,</subfield><subfield code="d">-1192.</subfield></datafield><datafield ind1="1" ind2="0" tag="245"><subfield code="6">880-02</subfield><subfield code="a">Kita&#772;b ma&#699;a&#772;lim al-&#699;ulama&#772;&#700; fi&#772; fihrist kutub al-mus&#803;annifi&#772;n minhum qadi&#772;man wa-h&#803;adi&#772;than.</subfield><subfield code="b">Tatimat Kita&#772;b al-Fihrist [li-] Abi&#772; Ja&#699;far al-T&#803;u&#772;si&#772;.</subfield></datafield><datafield ind1="3" ind2=" " tag="246"><subfield code="6">880-03</subfield><subfield code="a">Ma&#699;a&#772;lim al-&#699;ulama&#772;&#700; </subfield></datafield><datafield ind1=" " ind2=" " tag="260"><subfield code="6">880-04</subfield><subfield code="a">T&#803;ehra&#772;n :</subfield><subfield code="b">Mat&#803;ba&#699;at Faradi&#772;n,</subfield><subfield code="c">1353 [1934]</subfield></datafield><datafield ind1=" " ind2=" " tag="300"><subfield code="a">online resource (142 pages)</subfield></datafield><datafield ind1=" " ind2=" " tag="336"><subfield code="a">text</subfield><subfield code="2">rdacontent</subfield></datafield><datafield ind1=" " ind2=" " tag="337"><subfield code="a">computer</subfield><subfield code="2">rdamedia</subfield></datafield><datafield ind1=" " ind2=" " tag="338"><subfield code="a">online resource</subfield><subfield code="2">rdacarrier</subfield></datafield><datafield ind1=" " ind2=" " tag="500"><subfield code="a">Added cover title in English: Maa&#770;lim ul-ulama&#770;, bibliography of the Shy&#700;ahs (Supplement to Tusy's Fihrist).</subfield></datafield><datafield ind1=" " ind2=" " tag="500"><subfield code="a">Edited by &#699;Abba&#772;s Iqbal.</subfield></datafield><datafield ind1=" " ind2=" " tag="500"><subfield code="a">Part of the Arabic Collections Online (ACO) project, contributed by Columbia University Libraries.</subfield></datafield><datafield ind1=" " ind2=" " tag="533"><subfield code="a">Electronic reproduction.</subfield><subfield code="b">New York, N.Y. :</subfield><subfield code="c">New York University,</subfield><subfield code="d">2015.</subfield><subfield code="5">NNU</subfield></datafield><datafield ind1=" " ind2="0" tag="650"><subfield code="a">Shiites</subfield><subfield code="v">Bibliography.</subfield></datafield><datafield ind1=" " ind2="7" tag="650"><subfield code="a">Shiites.</subfield><subfield code="2">fast</subfield><subfield code="0">(OCoLC)fst01115976</subfield></datafield><datafield ind1=" " ind2="7" tag="655"><subfield code="a">Bibliography.</subfield><subfield code="2">fast</subfield><subfield code="0">(OCoLC)fst01423717</subfield></datafield><datafield ind1="1" ind2=" " tag="700"><subfield code="6">880-05</subfield><subfield code="a">Iqba&#772;l, &#699;Abba&#772;s,</subfield><subfield code="d">-1955.</subfield></datafield><datafield ind1="1" ind2=" " tag="700"><subfield code="6">880-06</subfield><subfield code="a">T&#803;u&#772;si&#772;, Muh&#803;ammad ibn al-H&#803;asan,</subfield><subfield code="d">995-1067?</subfield><subfield code="t">Fihrist.</subfield></datafield><datafield ind1="2" ind2=" " tag="710"><subfield code="a">Columbia University.</subfield><subfield code="b">Libraries.</subfield></datafield><datafield ind1="0" ind2=" " tag="730"><subfield code="a">Arabic Collections Online.</subfield></datafield><datafield ind1="0" ind2="8" tag="776"><subfield code="i">Print version:</subfield><subfield code="a">Ibn Shahra&#772;shu&#772;b, Rashi&#772;d al-Di&#772;n Muh&#803;ammad ibn &#699;Ali&#772;, -1192.</subfield><subfield code="t">Kita&#772;b ma&#699;a&#772;lim al-&#699;ulama&#772;&#700; fi&#772; fihrist kutub al-mus&#803;annifi&#772;n minhum qadi&#772;man wa-h&#803;adi&#772;than</subfield><subfield code="w">(NNC)3058936</subfield><subfield code="w">(OCoLC)15597828</subfield></datafield><datafield ind1="4" ind2="0" tag="856"><subfield code="u">http://hdl.handle.net/2333.1/5dv41r13</subfield></datafield><datafield ind1="1" ind2=" " tag="880"><subfield code="6">100-01/r</subfield><subfield code="a">&#1575;&#1576;&#1606; &#1588;&#1607;&#1585;&#1575;&#1588;&#1608;&#1576;&#1548; &#1585;&#1588;&#1610;&#1583; &#1575;&#1604;&#1583;&#1610;&#1606; &#1605;&#1581;&#1605;&#1583; &#1576;&#1606; &#1593;&#1604;&#1610;&#1548;</subfield><subfield code="d">-1192.</subfield></datafield><datafield ind1="1" ind2="0" tag="880"><subfield code="6">245-02/r</subfield><subfield code="a">&#1603;&#1578;&#1575;&#1576; &#1605;&#1593;&#1575;&#1604;&#1605; &#1575;&#1604;&#1593;&#1604;&#1605;&#1575;&#1569; &#1601;&#1610; &#1601;&#1607;&#1585;&#1587;&#1578; &#1603;&#1578;&#1576; &#1575;&#1604;&#1605;&#1589;&#1606;&#1601;&#1610;&#1606; &#1605;&#1606;&#1607;&#1605; &#1602;&#1583;&#1610;&#1605;&#1575;&#1611; &#1608;&#1581;&#1583;&#1610;&#1579;&#1575;&#1611;.</subfield><subfield code="b">&#1578;&#1578;&#1605;&#1577; &#1603;&#1578;&#1575;&#1576; &#1575;&#1604;&#1601;&#1607;&#1585;&#1587;&#1578; [&#1604;] &#1575;&#1576;&#1610; &#1580;&#1593;&#1601;&#1585; &#1575;&#1604;&#1591;&#1608;&#1587;&#1610;.</subfield></datafield><datafield ind1="3" ind2=" " tag="880"><subfield code="6">246-03/r</subfield><subfield code="a">&#1605;&#1593;&#1575;&#1604;&#1605; &#1575;&#1604;&#1593;&#1604;&#1605;&#1575;&#1569; </subfield></datafield><datafield ind1=" " ind2=" " tag="880"><subfield code="6">260-04/r</subfield><subfield code="a">&#1591;&#1607;&#1585;&#1575;&#1606; :</subfield><subfield code="b">&#1605;&#1591;&#1576;&#1593;&#1577; &#1601;&#1585;&#1583;&#1610;&#1606;&#1548;</subfield><subfield code="c">1353 [1934]</subfield></datafield><datafield ind1="1" ind2=" " tag="880"><subfield code="6">700-05/r</subfield><subfield code="a">&#1575;&#1602;&#1576;&#1575;&#1604;&#1548; &#1593;&#1576;&#1575;&#1587;&#1548;</subfield><subfield code="d">1955.</subfield></datafield><datafield ind1="1" ind2=" " tag="880"><subfield code="6">700-06/r</subfield><subfield code="a">&#1591;&#1608;&#1587;&#1610;&#1548; &#1605;&#1581;&#1605;&#1583; &#1576;&#1606; &#1575;&#1604;&#1581;&#1587;&#1606;&#1548;</subfield><subfield code="d">995-1067&#1567;</subfield><subfield code="t">&#1601;&#1607;&#1585;&#1587;&#1578;.</subfield></datafield><datafield ind1=" " ind2=" " tag="959"><subfield code="a">NNU</subfield><subfield code="b">WEB</subfield><subfield code="c">GENI</subfield><subfield code="t">0</subfield><subfield code="m">Electronic access</subfield><subfield code="s">01</subfield></datafield><datafield ind1=" " ind2=" " tag="999"><subfield code="i">NNC_3058936</subfield><subfield code="o">(OCoLC)ocm15597828</subfield><subfield code="e">(ERROR-880)</subfield><subfield code="s">columbia_aco000222</subfield></datafield></record>